<record><leader>00000cas a2200000 a 4500</leader><controlfield tag="001">21214796</controlfield><controlfield tag="008">900314d19171972iluwr ne      0   a0eng c</controlfield><datafield ind1=" " ind2=" " tag="010"><subfield code="a">sn 90054527 </subfield></datafield><datafield ind1=" " ind2=" " tag="040"><subfield code="a">NVF</subfield><subfield code="b">eng</subfield><subfield code="c">NVF</subfield><subfield code="d">OCLCQ</subfield><subfield code="d">NVF</subfield><subfield code="d">OCLCF</subfield><subfield code="d">OCLCO</subfield></datafield><datafield ind1="1" ind2=" " tag="029"><subfield code="a">AU@</subfield><subfield code="b">000020608054</subfield></datafield><datafield ind1=" " ind2=" " tag="042"><subfield code="a">pcc</subfield></datafield><datafield ind1=" " ind2=" " tag="043"><subfield code="a">n-us-il</subfield></datafield><datafield ind1="0" ind2="4" tag="245"><subfield code="a">The Chenoa clipper-times.</subfield></datafield><datafield ind1="1" ind2="3" tag="246"><subfield code="a">Chenoa clipper-times Lexington unit-journal</subfield><subfield code="f">Jan. 9, 1964-1972</subfield></datafield><datafield ind1="3" ind2=" " tag="246"><subfield code="a">Chenoa clipper times</subfield></datafield><datafield ind1="3" ind2="3" tag="246"><subfield code="a">Chenoa clipper times Lexington unit journal</subfield></datafield><datafield ind1=" " ind2=" " tag="260"><subfield code="a">Chenoa, Ill. :</subfield><subfield code="b">Hawthorne &amp; Stansbury,</subfield><subfield code="c">1917-1972.</subfield></datafield><datafield ind1=" " ind2=" " tag="300"><subfield code="a">v.</subfield></datafield><datafield ind1=" " ind2=" " tag="310"><subfield code="a">Weekly</subfield></datafield><datafield ind1="1" ind2=" " tag="362"><subfield code="a">Began in 1917.</subfield></datafield><datafield ind1="0" ind2=" " tag="362"><subfield code="a">-v. 73, no. 22 (Mar. 2, 1972).</subfield></datafield><datafield ind1=" " ind2=" " tag="525"><subfield code="a">Seperately numbered supplements called The Fair accompany some issues.</subfield></datafield><datafield ind1=" " ind2=" " tag="580"><subfield code="a">Formed by the union of: Chenoa clipper and: Chenoa times (Chenoa, Ill. : 1901).</subfield></datafield><datafield ind1=" " ind2=" " tag="580"><subfield code="a">Merged with: Lexington unit-journal, to form: Chenoa clipper times and Lexington unit journal.</subfield></datafield><datafield ind1=" " ind2=" " tag="588"><subfield code="a">Description based on: Vol. 51, no. 6 (July 5, 1917).</subfield></datafield><datafield ind1=" " ind2="0" tag="651"><subfield code="a">Chenoa (Ill.)</subfield><subfield code="v">Newspapers.</subfield></datafield><datafield ind1=" " ind2="0" tag="651"><subfield code="a">Lexington (Ill.)</subfield><subfield code="v">Newspapers.</subfield></datafield><datafield ind1=" " ind2="7" tag="655"><subfield code="a">Newspapers.</subfield><subfield code="2">fast</subfield><subfield code="0">(OCoLC)fst01423814</subfield></datafield><datafield ind1=" " ind2="7" tag="651"><subfield code="a">Illinois</subfield><subfield code="z">Chenoa.</subfield><subfield code="2">fast</subfield><subfield code="0">(OCoLC)fst01278449</subfield></datafield><datafield ind1=" " ind2="7" tag="651"><subfield code="a">Illinois</subfield><subfield code="z">Lexington.</subfield><subfield code="2">fast</subfield><subfield code="0">(OCoLC)fst01278450</subfield></datafield><datafield ind1=" " ind2=" " tag="752"><subfield code="a">United States</subfield><subfield code="b">Illinois</subfield><subfield code="c">McLean</subfield><subfield code="d">Chenoa.</subfield></datafield><datafield ind1="0" ind2=" " tag="775"><subfield code="t">Chenoa clipper-times the Lexington unit-journal</subfield><subfield code="w">(DLC)sn 00061585</subfield><subfield code="w">(OCoLC)45436073</subfield></datafield><datafield ind1="1" ind2="4" tag="780"><subfield code="t">Chenoa clipper</subfield><subfield code="w">(DLC)sn 87082637</subfield><subfield code="w">(OCoLC)15812915</subfield></datafield><datafield ind1="1" ind2="4" tag="780"><subfield code="t">Chenoa times (Chenoa, Ill. : 1901)</subfield><subfield code="w">(DLC)sn 95066043</subfield><subfield code="w">(OCoLC)31870957</subfield></datafield><datafield ind1="1" ind2="7" tag="785"><subfield code="t">Lexington unit-journal</subfield><subfield code="w">(DLC)sn 90054532</subfield><subfield code="w">(OCoLC)21214848</subfield></datafield><datafield ind1="1" ind2="7" tag="785"><subfield code="t">Chenoa clipper times and Lexington unit journal</subfield><subfield code="w">(DLC)sn 90054537</subfield><subfield code="w">(OCoLC)21214931</subfield></datafield></record>